%YAML 1.1
%TAG !u! tag:unity3d.com,2011:
--- !u!1 &6937623146161485751
GameObject:
  m_ObjectHideFlags: 0
  m_CorrespondingSourceObject: {fileID: 0}
  m_PrefabInstance: {fileID: 0}
  m_PrefabAsset: {fileID: 0}
  serializedVersion: 6
  m_Component:
  - component: {fileID: 6204898872925177252}
  - component: {fileID: 3118527347014401938}
  - component: {fileID: 8681732208889267051}
  - component: {fileID: -5787460345885356773}
  - component: {fileID: -2975027406794047865}
  - component: {fileID: 7902052410167716039}
  - component: {fileID: 4950089026429338420}
  m_Layer: 7
  m_Name: CurvedSword
  m_TagString: Untagged
  m_Icon: {fileID: 0}
  m_NavMeshLayer: 0
  m_StaticEditorFlags: 0
  m_IsActive: 1
--- !u!4 &6204898872925177252
Transform:
  m_ObjectHideFlags: 0
  m_CorrespondingSourceObject: {fileID: 0}
  m_PrefabInstance: {fileID: 0}
  m_PrefabAsset: {fileID: 0}
  m_GameObject: {fileID: 6937623146161485751}
  m_LocalRotation: {x: 0, y: 0, z: 0, w: 1}
  m_LocalPosition: {x: 0, y: 0, z: 0}
  m_LocalScale: {x: 1, y: 1, z: 1}
  m_Children:
  - {fileID: 4908001617194573661}
  m_Father: {fileID: 0}
  m_RootOrder: 0
  m_LocalEulerAnglesHint: {x: 0, y: 0, z: 0}
--- !u!33 &3118527347014401938
MeshFilter:
  m_ObjectHideFlags: 0
  m_CorrespondingSourceObject: {fileID: 0}
  m_PrefabInstance: {fileID: 0}
  m_PrefabAsset: {fileID: 0}
  m_GameObject: {fileID: 6937623146161485751}
  m_Mesh: {fileID: 7580647495619011235, guid: 60a91aad5f6f57b4cb177b47cc69dee0, type: 3}
--- !u!23 &8681732208889267051
MeshRenderer:
  m_ObjectHideFlags: 0
  m_CorrespondingSourceObject: {fileID: 0}
  m_PrefabInstance: {fileID: 0}
  m_PrefabAsset: {fileID: 0}
  m_GameObject: {fileID: 6937623146161485751}
  m_Enabled: 1
  m_CastShadows: 1
  m_ReceiveShadows: 1
  m_DynamicOccludee: 1
  m_MotionVectors: 1
  m_LightProbeUsage: 1
  m_ReflectionProbeUsage: 1
  m_RayTracingMode: 2
  m_RayTraceProcedural: 0
  m_RenderingLayerMask: 1
  m_RendererPriority: 0
  m_Materials:
  - {fileID: 2100000, guid: 22b0c53384bce064dae2219405920a1d, type: 2}
  m_StaticBatchInfo:
    firstSubMesh: 0
    subMeshCount: 0
  m_StaticBatchRoot: {fileID: 0}
  m_ProbeAnchor: {fileID: 0}
  m_LightProbeVolumeOverride: {fileID: 0}
  m_ScaleInLightmap: 1
  m_ReceiveGI: 1
  m_PreserveUVs: 0
  m_IgnoreNormalsForChartDetection: 0
  m_ImportantGI: 0
  m_StitchLightmapSeams: 1
  m_SelectedEditorRenderState: 3
  m_MinimumChartSize: 4
  m_AutoUVMaxDistance: 0.5
  m_AutoUVMaxAngle: 89
  m_LightmapParameters: {fileID: 0}
  m_SortingLayerID: 0
  m_SortingLayer: 0
  m_SortingOrder: 0
  m_AdditionalVertexStreams: {fileID: 0}
--- !u!114 &-5787460345885356773
MonoBehaviour:
  m_ObjectHideFlags: 0
  m_CorrespondingSourceObject: {fileID: 0}
  m_PrefabInstance: {fileID: 0}
  m_PrefabAsset: {fileID: 0}
  m_GameObject: {fileID: 6937623146161485751}
  m_Enabled: 1
  m_EditorHideFlags: 0
  m_Script: {fileID: 11500000, guid: 548c2c96bb4218b47a283b9e509a5fb5, type: 3}
  m_Name: 
  m_EditorClassIdentifier: 
  _animationSpeedMultiplier: 2.1
  _movementSpeedModifier: 2
  _attackRange: 3.5
  _UISprite: {fileID: 21300000, guid: b7fb61a530d0ba94195d87fdad03c8b7, type: 3}
  _weaponFX: {fileID: 7370464400648523997}
--- !u!54 &-2975027406794047865
Rigidbody:
  m_ObjectHideFlags: 0
  m_CorrespondingSourceObject: {fileID: 0}
  m_PrefabInstance: {fileID: 0}
  m_PrefabAsset: {fileID: 0}
  m_GameObject: {fileID: 6937623146161485751}
  serializedVersion: 2
  m_Mass: 1
  m_Drag: 0
  m_AngularDrag: 0.05
  m_UseGravity: 1
  m_IsKinematic: 0
  m_Interpolate: 0
  m_Constraints: 0
  m_CollisionDetection: 0
--- !u!65 &7902052410167716039
BoxCollider:
  m_ObjectHideFlags: 0
  m_CorrespondingSourceObject: {fileID: 0}
  m_PrefabInstance: {fileID: 0}
  m_PrefabAsset: {fileID: 0}
  m_GameObject: {fileID: 6937623146161485751}
  m_Material: {fileID: 0}
  m_IsTrigger: 0
  m_Enabled: 1
  serializedVersion: 2
  m_Size: {x: 0.2521477, y: 0.8457262, z: 0.10402214}
  m_Center: {x: 0.031276558, y: -0.21474186, z: -0.009420816}
--- !u!136 &4950089026429338420
CapsuleCollider:
  m_ObjectHideFlags: 0
  m_CorrespondingSourceObject: {fileID: 0}
  m_PrefabInstance: {fileID: 0}
  m_PrefabAsset: {fileID: 0}
  m_GameObject: {fileID: 6937623146161485751}
  m_Material: {fileID: 0}
  m_IsTrigger: 1
  m_Enabled: 1
  m_Radius: 0.27
  m_Height: 1.19
  m_Direction: 1
  m_Center: {x: 0.031276558, y: -0.21474186, z: -0.009420816}
--- !u!1001 &8511372328637651005
PrefabInstance:
  m_ObjectHideFlags: 0
  serializedVersion: 2
  m_Modification:
    m_TransformParent: {fileID: 6204898872925177252}
    m_Modifications:
    - target: {fileID: 1177513575902087392, guid: fbc322cc0721d4b4481bf4bdd376b25b, type: 3}
      propertyPath: ShapeModule.m_Scale.x
      value: 1
      objectReference: {fileID: 0}
    - target: {fileID: 1177513575902087392, guid: fbc322cc0721d4b4481bf4bdd376b25b, type: 3}
      propertyPath: ShapeModule.m_Scale.z
      value: 6.3
      objectReference: {fileID: 0}
    - target: {fileID: 3603655399605372768, guid: fbc322cc0721d4b4481bf4bdd376b25b, type: 3}
      propertyPath: m_RootOrder
      value: 0
      objectReference: {fileID: 0}
    - target: {fileID: 3603655399605372768, guid: fbc322cc0721d4b4481bf4bdd376b25b, type: 3}
      propertyPath: m_LocalScale.x
      value: 0.1
      objectReference: {fileID: 0}
    - target: {fileID: 3603655399605372768, guid: fbc322cc0721d4b4481bf4bdd376b25b, type: 3}
      propertyPath: m_LocalScale.y
      value: 0.1
      objectReference: {fileID: 0}
    - target: {fileID: 3603655399605372768, guid: fbc322cc0721d4b4481bf4bdd376b25b, type: 3}
      propertyPath: m_LocalScale.z
      value: 0.1
      objectReference: {fileID: 0}
    - target: {fileID: 3603655399605372768, guid: fbc322cc0721d4b4481bf4bdd376b25b, type: 3}
      propertyPath: m_LocalPosition.x
      value: 0
      objectReference: {fileID: 0}
    - target: {fileID: 3603655399605372768, guid: fbc322cc0721d4b4481bf4bdd376b25b, type: 3}
      propertyPath: m_LocalPosition.y
      value: -0.486
      objectReference: {fileID: 0}
    - target: {fileID: 3603655399605372768, guid: fbc322cc0721d4b4481bf4bdd376b25b, type: 3}
      propertyPath: m_LocalPosition.z
      value: 0
      objectReference: {fileID: 0}
    - target: {fileID: 3603655399605372768, guid: fbc322cc0721d4b4481bf4bdd376b25b, type: 3}
      propertyPath: m_LocalRotation.w
      value: 0.7071068
      objectReference: {fileID: 0}
    - target: {fileID: 3603655399605372768, guid: fbc322cc0721d4b4481bf4bdd376b25b, type: 3}
      propertyPath: m_LocalRotation.x
      value: -0.7071068
      objectReference: {fileID: 0}
    - target: {fileID: 3603655399605372768, guid: fbc322cc0721d4b4481bf4bdd376b25b, type: 3}
      propertyPath: m_LocalRotation.y
      value: 0
      objectReference: {fileID: 0}
    - target: {fileID: 3603655399605372768, guid: fbc322cc0721d4b4481bf4bdd376b25b, type: 3}
      propertyPath: m_LocalRotation.z
      value: 0
      objectReference: {fileID: 0}
    - target: {fileID: 3603655399605372768, guid: fbc322cc0721d4b4481bf4bdd376b25b, type: 3}
      propertyPath: m_LocalEulerAnglesHint.x
      value: -90
      objectReference: {fileID: 0}
    - target: {fileID: 3603655399605372768, guid: fbc322cc0721d4b4481bf4bdd376b25b, type: 3}
      propertyPath: m_LocalEulerAnglesHint.y
      value: 0
      objectReference: {fileID: 0}
    - target: {fileID: 3603655399605372768, guid: fbc322cc0721d4b4481bf4bdd376b25b, type: 3}
      propertyPath: m_LocalEulerAnglesHint.z
      value: 0
      objectReference: {fileID: 0}
    - target: {fileID: 5362960017530264243, guid: fbc322cc0721d4b4481bf4bdd376b25b, type: 3}
      propertyPath: m_Name
      value: WeaponFX
      objectReference: {fileID: 0}
    - target: {fileID: 7887256039974108637, guid: fbc322cc0721d4b4481bf4bdd376b25b, type: 3}
      propertyPath: m_RenderMode
      value: 1
      objectReference: {fileID: 0}
    - target: {fileID: 7887256039974108637, guid: fbc322cc0721d4b4481bf4bdd376b25b, type: 3}
      propertyPath: m_VelocityScale
      value: 0.18
      objectReference: {fileID: 0}
    m_RemovedComponents: []
  m_SourcePrefab: {fileID: 100100000, guid: fbc322cc0721d4b4481bf4bdd376b25b, type: 3}
--- !u!4 &4908001617194573661 stripped
Transform:
  m_CorrespondingSourceObject: {fileID: 3603655399605372768, guid: fbc322cc0721d4b4481bf4bdd376b25b, type: 3}
  m_PrefabInstance: {fileID: 8511372328637651005}
  m_PrefabAsset: {fileID: 0}
--- !u!198 &7370464400648523997 stripped
ParticleSystem:
  m_CorrespondingSourceObject: {fileID: 1177513575902087392, guid: fbc322cc0721d4b4481bf4bdd376b25b, type: 3}
  m_PrefabInstance: {fileID: 8511372328637651005}
  m_PrefabAsset: {fileID: 0}
